<record><leader>00000cas a22000007a 4500</leader><controlfield tag="001">12355007</controlfield><controlfield tag="008">850806d18881896iauwr ne      0    0eng d</controlfield><datafield ind1=" " ind2=" " tag="010"><subfield code="a">sn 85050869 </subfield></datafield><datafield ind1=" " ind2=" " tag="040"><subfield code="a">INP</subfield><subfield code="b">eng</subfield><subfield code="c">INP</subfield><subfield code="d">OCL</subfield><subfield code="d">OCLCQ</subfield></datafield><datafield ind1=" " ind2=" " tag="042"><subfield code="a">msc</subfield></datafield><datafield ind1="0" ind2=" " tag="130"><subfield code="a">Lever (Belle Plaine, Iowa : 1888)</subfield></datafield><datafield ind1="1" ind2="4" tag="245"><subfield code="a">The Lever.</subfield></datafield><datafield ind1=" " ind2=" " tag="260"><subfield code="a">Belle Plaine, Iowa :</subfield><subfield code="b">G.M. Myers</subfield></datafield><datafield ind1=" " ind2=" " tag="300"><subfield code="a">v. :</subfield><subfield code="b">ill. (chiefly advertisements) ;</subfield><subfield code="c">55 cm.</subfield></datafield><datafield ind1=" " ind2=" " tag="310"><subfield code="a">Weekly</subfield></datafield><datafield ind1="1" ind2=" " tag="362"><subfield code="a">Issued 1888-1896.</subfield><subfield code="z">Cf. Bibl. of Iowa newspapers.</subfield></datafield><datafield ind1=" " ind2=" " tag="500"><subfield code="a">Editor: G. William Myers, &lt;Aug. 27-Dec. 24, 1896&gt;.</subfield></datafield><datafield ind1=" " ind2=" " tag="588"><subfield code="a">Description based on: Vol. 7, no. 45 (Feb. 6, 1895).</subfield></datafield><datafield ind1=" " ind2=" " tag="752"><subfield code="a">United States</subfield><subfield code="b">Iowa</subfield><subfield code="c">Benton</subfield><subfield code="d">Belle Plaine.</subfield></datafield></record>